<record><leader>00000cas a2200000 a 4500</leader><controlfield tag="001">44605643</controlfield><controlfield tag="007">hd afv---bacp</controlfield><controlfield tag="007">hd bfv---baap</controlfield><controlfield tag="007">hd bfv---babp</controlfield><controlfield tag="008">000718u1985uuuufluer nea     0   a0eng c</controlfield><datafield ind1=" " ind2=" " tag="010"><subfield code="a">sn 00229551 </subfield></datafield><datafield ind1=" " ind2=" " tag="040"><subfield code="a">FUG</subfield><subfield code="b">eng</subfield><subfield code="c">FUG</subfield><subfield code="d">OCLCQ</subfield><subfield code="d">OCLCF</subfield><subfield code="d">OCLCO</subfield></datafield><datafield ind1=" " ind2=" " tag="012"><subfield code="i">0007</subfield></datafield><datafield ind1="1" ind2=" " tag="029"><subfield code="a">AU@</subfield><subfield code="b">000021676052</subfield></datafield><datafield ind1=" " ind2=" " tag="037"><subfield code="b">George A. Smathers Libraries, University of Florida, Preservation Office, Gainesville, FL 32611</subfield></datafield><datafield ind1=" " ind2=" " tag="042"><subfield code="a">pcc</subfield></datafield><datafield ind1=" " ind2=" " tag="043"><subfield code="a">n-us-fl</subfield></datafield><datafield ind1="0" ind2=" " tag="130"><subfield code="a">Jewish Floridian of Palm Beach County (Palm Beach, Fla. : 1985)</subfield></datafield><datafield ind1="1" ind2="4" tag="245"><subfield code="a">The Jewish Floridian of Palm Beach County</subfield><subfield code="h">[microform] :</subfield><subfield code="b">the voice of the Jewish community of Palm Beach County.</subfield></datafield><datafield ind1=" " ind2=" " tag="260"><subfield code="a">West Palm Beach, Fla. :</subfield><subfield code="b">Fred K. Shochet</subfield></datafield><datafield ind1=" " ind2=" " tag="300"><subfield code="a">v. :</subfield><subfield code="b">ill.</subfield></datafield><datafield ind1=" " ind2=" " tag="310"><subfield code="a">Weekly (Oct. to mid-May); biweekly (balance of year)</subfield></datafield><datafield ind1="0" ind2=" " tag="362"><subfield code="a">Vol. 11, no. 27 (Sept. 13, 1985)-</subfield></datafield><datafield ind1=" " ind2=" " tag="500"><subfield code="a">"Combining Our voice and Federation reporter."</subfield></datafield><datafield ind1=" " ind2=" " tag="515"><subfield code="a">Numbering in masthead and publisher's statements conflict: Feb. 20, 1987 called no. 4 in masthead and no. 8 in publisher's statement; Mar. 31, 1989 called no. 12 in masthead and no. 13 in publisher's statement.</subfield></datafield><datafield ind1=" " ind2=" " tag="588"><subfield code="a">Latest issue consulted: Vol. 16, no. 13 (June 29, 1990).</subfield></datafield><datafield ind1=" " ind2=" " tag="533"><subfield code="a">Microfilm.</subfield><subfield code="m">v.11:no. 27-v.16:no. 13 (Sept. 13, 1985-June 29, 1990):[Lacks v.16:no. 4 (Feb. 23, 1990)]</subfield><subfield code="b">Gainesville, FL :</subfield><subfield code="c">George A. Smathers Libraries, University of Florida,</subfield><subfield code="d">2000.</subfield><subfield code="e">4 microfilm reels ; 35 mm.</subfield><subfield code="n">Issues for Jan.-Aug. 1985 filmed with previous title: Jewish Floridian (Palm Beach, Fla. : 1982).</subfield></datafield><datafield ind1=" " ind2=" " tag="539"><subfield code="a">d</subfield><subfield code="b">1985</subfield><subfield code="c">1990</subfield><subfield code="d">flu</subfield><subfield code="e">u</subfield><subfield code="f">u</subfield><subfield code="g">a</subfield></datafield><datafield ind1=" " ind2="0" tag="650"><subfield code="a">Jewish newspapers</subfield><subfield code="z">Florida.</subfield></datafield><datafield ind1=" " ind2="0" tag="651"><subfield code="a">Palm Beach (Fla.)</subfield><subfield code="v">Newspapers.</subfield></datafield><datafield ind1=" " ind2="0" tag="651"><subfield code="a">Palm Beach County (Fla.)</subfield><subfield code="v">Newspapers.</subfield></datafield><datafield ind1=" " ind2="7" tag="655"><subfield code="a">Newspapers.</subfield><subfield code="2">fast</subfield><subfield code="0">(OCoLC)fst01423814</subfield></datafield><datafield ind1=" " ind2="7" tag="650"><subfield code="a">Jewish newspapers.</subfield><subfield code="2">fast</subfield><subfield code="0">(OCoLC)fst00982872</subfield></datafield><datafield ind1=" " ind2="7" tag="651"><subfield code="a">Florida.</subfield><subfield code="2">fast</subfield><subfield code="0">(OCoLC)fst01205150</subfield></datafield><datafield ind1=" " ind2="7" tag="651"><subfield code="a">Florida</subfield><subfield code="z">Palm Beach.</subfield><subfield code="2">fast</subfield><subfield code="0">(OCoLC)fst01215470</subfield></datafield><datafield ind1=" " ind2="7" tag="651"><subfield code="a">Florida</subfield><subfield code="z">Palm Beach County.</subfield><subfield code="2">fast</subfield><subfield code="0">(OCoLC)fst01205639</subfield></datafield><datafield ind1=" " ind2=" " tag="752"><subfield code="a">United States</subfield><subfield code="b">Florida</subfield><subfield code="c">Palm Beach</subfield><subfield code="d">Palm Beach.</subfield></datafield><datafield ind1="0" ind2=" " tag="775"><subfield code="t">Jewish Floridian</subfield><subfield code="h">[microform]</subfield><subfield code="w">(DLC)sn 96027667</subfield><subfield code="w">(OCoLC)35317254</subfield></datafield><datafield ind1="1" ind2=" " tag="776"><subfield code="c">Original</subfield><subfield code="w">(DLC)sn 00229552</subfield><subfield code="w">(OCoLC)44599490</subfield></datafield><datafield ind1="0" ind2="0" tag="780"><subfield code="t">Jewish Floridian (Palm Beach, Fla. : 1982)</subfield><subfield code="h">[microform]</subfield><subfield code="w">(DLC)sn 00229548</subfield><subfield code="w">(OCoLC)44606415</subfield></datafield><datafield ind1=" " ind2=" " tag="850"><subfield code="a">FU</subfield><subfield code="a">FU (master)</subfield></datafield></record>